@Article{Einstein,
  author =       "Albert Einstein",
  title =        "{Zur Elektrodynamik bewegter K{\"o}rper}. ({German})
                 [{On} the electrodynamics of moving bodies]",
  journal =      "Annalen der Physik",
  volume =       "322",
  number =       "10",
  pages =        "891--921",
  year =         "1905",
  DOI =          "http://dx.doi.org/10.1002/andp.19053221004"
} 

@Article{Guerreetal2000,
  author =       "Guerre, Emmanuel and Perrigne, Isabelle and Vuong, Quang",
  title =        "Optimal Nonparametric Estimation of First-Price Auctions.",
  journal =      "Econometrica",
  volume =       "68",
  number =       "3", 
  year =         "2000",
  pages =        "525-574"
}

@article{Matthewetal2018,
  author          = {Gentry, Matthew L. and Hubbard, Timonthy P. and McComb, Robert P. and Schiller, Anita R.},
  title           = {Structural Economics of Auction Data: A Review},
  journal         = {Foundations and Trends in Econometrics},
  volume          = {9},
  number          = {2-4},
  pages           = {79-302},
  year            = {2018}
}

@Article{HickmanHubbard2015, 
  author =       "Hickman, Brent R. and Hubbard, Timothy P.", 
  title =        "Replacing Sample Trimming with Boundary Correction in Nonparametric Estimation of First-Price Auctions.",
  journal =      "Journal of Applied Econometrics",
  Volume =       "30",
  number =       "5",
  pages =        "739-762",
  year =         "2015"
}

@Article{HubbardPaarsch2009,
  author =       "Hubbard, Timothy P. and Paarsch, Harry J.",
  title  =       "Investigating bid preferences at low-price, sealed-bid auctions with endogenous participation.",
  journal =      "International Journal of Industrial Organization.", 
  volume =       "27",
  number =       "1",
  pages =        "1-14", 
  year  =        "2009",
  DOI =          "10.1016/j.ijindorg.2008.05.004",
}

@article{RileySamuelson1981,
  author          = {Riley, John G. and Samuelson, William F.},
  title           = {Optimal Auctions},
  journal         = {The American Economic Review},
  volume          = {71},
  number          = {3},
  pages           = {381-392},
  year            = {1981}
}

@article{Harrison1989,
  author          = {Harrison, Glenn W.},
  title           = {Theory and Misbehavior of First-Price Auctions},
  journal         = {The American Economic Review},
  volume          = {79},
  number          = {4},
  pages           = {749-762},
  year            = {1989}
}

@article{ChernomazYushioto2019,
  author          = {Chernomaz, kirill and Yoshimoto, Hisayuki},
  title           = {How Accurately Do Structural Asymetric First-Price Auction Estimates Represent True Valuations?},
  journal         = {Journal of Econometric Methods},
  volume          = {9},
  number          = {1},
  year            = {2019},
}

@book{Freud,
    author = "Freud, Sigmund",
    title = "The interpretation of dreams",
    publisher = "Avon",
    year = "1900",
    note = "1965 ed.",
}
